@misc{appiah2024algebraicstructurehyperbolicgraph,
      title={The algebraic structure of hyperbolic graph braid groups}, 
      author={B. Appiah and P. Dani and W. Ge and C. Hudson and S. Jain and M. Lemoine and J. Murphy and J. Murray and A. Pandikkadan and K. Schreve and H. Vo},
      year={2024},
      eprint={2403.08623},
      archivePrefix={arXiv},
      primaryClass={math.GR},
      url={https://arxiv.org/abs/2403.08623}, 
}

@phdthesis{abrams2000configurationspaces,
author={Abrams,Aaron D.},
year={2000},
title={Configuration spaces and braid groups of graphs},
journal={ProQuest Dissertations and Theses},
pages={67},
keywords={Pure sciences; Braid groups; Configuration spaces; Graphs of groups; Mathematics; 0405:Mathematics},
isbn={978-0-599-85818-3},
language={English},
url={https://www.proquest.com/dissertations-theses/configuration-spaces-braid-groups-graphs/docview/304583880/se-2},
}

@book{Munkres2000,
    author    = {Munkres, James R.},
    title     = {Topology},
    edition   = {2nd},
    publisher = {Prentice Hall},
    year      = {2000},
    address   = {Upper Saddle River, NJ}
}